@inproceedings{yakovlev2021neural,
  title = {Neural architecture search with structure complexity control},
  author = {Yakovlev, Konstantin and Grebenkova, Olga and Bakhteev, Oleg and Strijov, Vadim},
  booktitle = {Recent Trends in Analysis of Images, Social Networks and Texts},
  year = {2022},
  pages = {207--219},
  pdf = {https://yahootechpulse.easychair.org/publications/preprint_download/H5MC},
}
@inproceedings{Dong2021BigNAS,
  title     = {BigNAS: Scaling Up Neural Architecture Search with Big Single Stage Models},
  author    = {Dong, Jin and Yang, Yiming and ...},
  booktitle = {Proceedings of the IEEE/CVF Conference on Computer Vision and Pattern Recognition (CVPR)},
  year      = {2021},
  pages     = {3173--3182}
}
@article{nas,
  author  = {Thomas Elsken and Jan Hendrik Metzen and Frank Hutter},
  title   = {Neural Architecture Search: A Survey},
  journal = {Journal of Machine Learning Research},
  year    = {2019},
  volume  = {20},
  number  = {55},
  pages   = {1--21},
  url     = {http://jmlr.org/papers/v20/18-598.html}
}

@inproceedings{liu2019darts,
  title={DARTS: Differentiable architecture search},
  author={Liu, Hanxiao and Simonyan, Karen and Yang, Yiming},
  booktitle={International Conference on Learning Representations},
  year={2019}
}

@misc{proxylessnas,
  title={ProxylessNAS: Direct Neural Architecture Search on Target Task and Hardware}, 
  author={Han Cai and Ligeng Zhu and Song Han},
  year={2019},
  eprint={1812.00332},
  archivePrefix={arXiv},
  primaryClass={cs.LG},
  url={https://arxiv.org/abs/1812.00332}
}
@inproceedings{Chen2019SNAS,
  title     = {SNAS: Stochastic Neural Architecture Search},
  author    = {Chen, X. and ...},
  booktitle = {International Conference on Learning Representations (ICLR)},
  year      = {2019}
}
@inproceedings{Wu_2019_CVPR,
  author = {Wu, Bichen and Dai, Xiaoliang and Zhang, Peizhao and Wang, Yanghan and Sun, Fei and Wu, Yiming and Tian, Yuandong and Vajda, Peter and Jia, Yangqing and Keutzer, Kurt},
  title = {FBNet: Hardware-Aware Efficient ConvNet Design via Differentiable Neural Architecture Search},
  booktitle = {Proceedings of the IEEE/CVF Conference on Computer Vision and Pattern Recognition (CVPR)},
  month = jun,
  year = {2019}
}
@inproceedings{Cai2020OnceForAll,
  title     = {Once-for-All: Train One Network and Specialize it for Efficient Deployment},
  author    = {Cai, Han and Gan, Chuang and Wang, Tianzhe and Zhang, Zhekai and Han, Song},
  booktitle = {International Conference on Learning Representations (ICLR)},
  year      = {2020}
}

@inproceedings{icaart23,
  author = {Grebenkova, Olga and Bakhteev, Oleg and Strijov, Vadim},
  title = {Deep Learning Model Selection With Parametric Complexity Control},
  booktitle = {Proceedings of the 15th International Conference on Agents and Artificial Intelligence - Volume 2: ICAART,},
  year = {2023},
  pages = {65-74},
  publisher = {SciTePress},
  organization = {INSTICC},
  pdf = {https://www.scitepress.org/Papers/2023/116269/116269.pdf},
  doi = {10.5220/0011626900003393},
  isbn = {978-989-758-623-1},
  issn = {2184-433X},
  url = {https://www.scitepress.org/PublicationsDetail.aspx?ID=lRGAknY5+Ow=&t=1}
}
@article{Li2021MODNAS,
  title   = {MODNAS: Modality Adaptive One-Shot Neural Architecture Search},
  author  = {Li, Xin and ...},
  journal = {IEEE Transactions on Pattern Analysis and Machine Intelligence},
  year    = {2021}
}

@inproceedings{jang2017gumbel,
  title     = {Categorical Reparameterization with Gumbel{\textendash}Softmax},
  author    = {Jang, Eric and Gu, Shixiang and Poole, Ben},
  booktitle = {International Conference on Learning Representations (ICLR)},
  year      = {2017},
  url       = {https://arxiv.org/abs/1611.01144}
}

@inproceedings{maddison2017concrete,
  title     = {The Concrete Distribution: A Continuous Relaxation of Discrete Random Variables},
  author    = {Maddison, Chris J. and Mnih, Andriy and Teh, Yee Whye},
  booktitle = {International Conference on Learning Representations (ICLR)},
  year      = {2017},
  url       = {https://arxiv.org/abs/1611.00712}
}

@article{mann1943wald,
  author  = {Mann, Henry B. and Wald, Abraham},
  title   = {On the Statistical Treatment of Relaxations of Classical Probability Problems},
  journal = {The Annals of Mathematical Statistics},
  year    = {1943},
  volume  = {14},
  number  = {4},
  pages   = {378--417},
  publisher = {Institute of Mathematical Statistics},
  doi      = {10.1214/aoms/1177731351}
}

@article{fashion_mnist,
  author  = {Han Xiao and Kashif Rasul and Roland Vollgraf},
  title   = {{Fashion\textendash{}MNIST}: a Novel Image Dataset for Benchmarking Machine Learning Algorithms},
  journal = {arXiv preprint arXiv:1708.07747},
  year    = {2017},
  url     = {https://arxiv.org/abs/1708.07747}
}

@techreport{cifar10,
  author      = {Alex Krizhevsky},
  title       = {Learning Multiple Layers of Features from Tiny Images},
  institution = {University of Toronto},
  year        = {2009},
  note        = {Technical Report},
  url         = {https://www.cs.toronto.edu/~kriz/learning-features-2009-TR.pdf}
}

@inproceedings{kingma2015adam,
  title     = {Adam: A Method for Stochastic Optimization},
  author    = {Diederik P. Kingma and Jimmy Ba},
  booktitle = {International Conference on Learning Representations (ICLR)},
  year      = {2015},
  url       = {https://arxiv.org/abs/1412.6980}
}