@inproceedings{yakovlev2021neural,
  abbr = {AIST},
  title = {Neural architecture search with structure complexity control},
  author = {Yakovlev, Konstantin and Grebenkova, Olga and Bakhteev, Oleg and Strijov, Vadim},
  booktitle = {Recent Trends in Analysis of Images, Social Networks and Texts},
  year = {2022},
  pages = {207--219},
  pdf = {https://yahootechpulse.easychair.org/publications/preprint_download/H5MC},
  html = {https://link.springer.com/book/10.1007/978-3-031-15168-2}
}

@misc{proxylessnas,
      title={ProxylessNAS: Direct Neural Architecture Search on Target Task and Hardware}, 
      author={Han Cai and Ligeng Zhu and Song Han},
      year={2019},
      eprint={1812.00332},
      archivePrefix={arXiv},
      primaryClass={cs.LG},
      url={https://arxiv.org/abs/1812.00332}, 
}

@InProceedings{Wu_2019_CVPR,
author = {Wu, Bichen and Dai, Xiaoliang and Zhang, Peizhao and Wang, Yanghan and Sun, Fei and Wu, Yiming and Tian, Yuandong and Vajda, Peter and Jia, Yangqing and Keutzer, Kurt},
title = {FBNet: Hardware-Aware Efficient ConvNet Design via Differentiable Neural Architecture Search},
booktitle = {Proceedings of the IEEE/CVF Conference on Computer Vision and Pattern Recognition (CVPR)},
month = {June},
year = {2019}
}
@conference{icaart23,
  abbr = {ICAART},
  author = {Grebenkova, Olga and Bakhteev, Oleg and Strijov, Vadim},
  html = {https://www.scitepress.org/PublicationsDetail.aspx?ID=lRGAknY5+Ow=&t=1},
  title = {Deep Learning Model Selection With Parametric Complexity Control},
  booktitle = {Proceedings of the 15th International Conference on Agents and Artificial Intelligence - Volume 2: ICAART,},
  year = {2023},
  pages = {65-74},
  publisher = {SciTePress},
  organization = {INSTICC},
  pdf = {https://www.scitepress.org/Papers/2023/116269/116269.pdf},
  doi = {10.5220/0011626900003393},
  isbn = {978-989-758-623-1},
  issn = {2184-433X}
}